@inproceedings{Georgiou:2018:YPL:3196398.3196414,
 author = {Georgiou, Stefanos and Kechagia, Maria and Louridas, Panos and Spinellis, Diomidis},
 title = {What Are Your Programming Language's Energy-delay Implications?},
 booktitle = {Proceedings of the 15th International Conference on Mining Software Repositories},
 series = {MSR '18},
 year = {2018},
 isbn = {978-1-4503-5716-6},
 location = {Gothenburg, Sweden},
 pages = {303--313},
 numpages = {11},
 url = {http://doi.acm.org/10.1145/3196398.3196414},
 doi = {10.1145/3196398.3196414},
 acmid = {3196414},
 publisher = {ACM},
 address = {New York, NY, USA},
 keywords = {energy-delay-product, energy-efficiency, programming languages},
}
