@inproceedings{Georgiou:2017:APL:3139367.3139418,
 author = {Georgiou, Stefanos and Kechagia, Maria and Spinellis, Diomidis},
 title = {Analyzing Programming Languages' Energy Consumption: An Empirical Study},
 booktitle = {Proceedings of the 21st Pan-Hellenic Conference on Informatics},
 series = {PCI 2017},
 year = {2017},
 isbn = {978-1-4503-5355-7},
 location = {Larissa, Greece},
 pages = {42:1--42:6},
 articleno = {42},
 numpages = {6},
 url = {http://doi.acm.org/10.1145/3139367.3139418},
 doi = {10.1145/3139367.3139418},
 acmid = {3139418},
 publisher = {ACM},
 address = {New York, NY, USA},
 keywords = {Energy Efficiency, Energy Optimization, Programming Languages},
}
