@inproceedings{georgiou_green_ai_2022,
    address = {New York, NY, USA},
    series = {{ICSE} '22},
    title = {Green AI: Do Deep Learning Frameworks Have Different Costs?},
    booktitle = {Proceedings of the 44th {International} {Conference} on {Software} {Engineering}},
    publisher = {ACM},
    author = {Georgiou, Stefanos and Kechagia, Maria and Sharma, Tushar and Sarro, Federica and Zou, Ying},
    month = may,
    year = {2022}
}
